@book{rojers,
	labguage = "russian",
	author = "Д. Роджерс",
	year ="1989",
	title="Алгоритмические основы машинной графики: Пер. с англ.",
	publisher ="М.: Мир"
}

@misc{algFill,
	title = "Алгоритмы закраски [Электронный ресурс]",
	url = "https://studbooks.net/2248060/informatika/odnotonnaya_zakraska_metod_graneniya",
	urldate = "2023-10-14"
}

@book{lectures,
	author ="А. В. Куров ", 
	year ="2023",
	title="Курс лекций по дисциплине <<Компьютерная графика>>"
}

@book{cg,
	author ="С. В. Польский ", 
	year ="2008",
	title="Компьютерная графика: учебн.-методич. Пособие.",
	publisher=" М.: ГОУ ВПО МГУЛ"
}

@misc{simplefill,
	title = "Алгоритмы закраски [Электронный ресурс]",
	url = "https://studbooks.net/2248060/informatika/odnotonnaya_zakraska_metod_graneniya",
	urldate = "2023-10-14"
}

@misc{zbufmoduf,
	title = "Тени. Модификация алгоритма с z - буфером. [Электронный ресурс]",
	url = "https://studfile.net/preview/8656499/page:5/",
	urldate = "2023-10-18"
}

@book{shadows,
	author ="А. Н. Романюк and М. В. Куринный", 
	year ="2000",
	title="АЛГОРИТМЫ
	ПОСТРОЕНИЯ ТЕНЕЙ"
}

@misc{fill,
	title = "Модели закраски [Электронный ресурс]",
	url = "https://studfile.net/preview/6010005/page:40/",
	urldate = "2023-10-14"
}

@misc{intuit,
	title = "НОУ ИНТУИТ | Алгоритмические основы современной компьютерной графики. Лекция 9: Закрашивание. Рендеринг полигональных моделей [Электронный ресурс]",
	url = "https://intuit.ru/studies/courses/70/70/lecture/2108?page=2",
	urldate = "2023-10-18"
}

